@INPROCEEDINGS{inpar2012,
author={Bergstra, J. and Pinto, N. and Cox, D.},
booktitle={Innovative Parallel Computing (InPar), 2012}, title={Machine learning for predictive auto-tuning with boosted regression trees},
year={2012},
month={may},
volume={},
number={},
pages={1 -9},
keywords={boosted regression trees;candidate implementation runtime measurement;empirical autotuning;filterbank correlation kernel;machine learning;model-based approach;model-based autotuning;multicore architectures;nonlinear regression;predictive autotuning;statistically-derived model;templated-code optimization problem;time 0.1 s;timing model estimation;channel bank filters;learning (artificial intelligence);multiprocessing systems;regression analysis;trees (mathematics);},
doi={10.1109/InPar.2012.6339587},
ISSN={},}

@inproceedings{KCCA,
 author = {Ganapathi, Archana and Datta, Kaushik and Fox, Armando and Patterson, David},
 title = {A case for machine learning to optimize multicore performance},
 booktitle = {Proceedings of the First USENIX conference on Hot topics in parallelism},
 series = {HotPar'09},
 year = {2009},
 location = {Berkeley, California},
 pages = {1--1},
 numpages = {1},
 url = {http://dl.acm.org/citation.cfm?id=1855591.1855592},
 acmid = {1855592},
 publisher = {USENIX Association},
 address = {Berkeley, CA, USA},
}

@inproceedings{choi-amik,
 author = {Choi, Jee W. and Singh, Amik and Vuduc, Richard W.},
 title = {Model-driven autotuning of sparse matrix-vector multiply on GPUs},
 booktitle = {Proceedings of the 15th ACM SIGPLAN Symposium on Principles and Practice of Parallel Programming},
 series = {PPoPP '10},
 year = {2010},
 isbn = {978-1-60558-877-3},
 location = {Bangalore, India},
 pages = {115--126},
 numpages = {12},
 url = {http://doi.acm.org/10.1145/1693453.1693471},
 doi = {10.1145/1693453.1693471},
 acmid = {1693471},
 publisher = {ACM},
 address = {New York, NY, USA},
 keywords = {gpu, performance modeling, sparse matrix-vector multiplication},
}

@inproceedings{nvidia_25p-stencil,
 author = {Micikevicius, Paulius},
 title = {3D finite difference computation on GPUs using CUDA},
 booktitle = {Proceedings of 2nd Workshop on General Purpose Processing on Graphics Processing Units},
 series = {GPGPU-2},
 year = {2009},
 isbn = {978-1-60558-517-8},
 location = {Washington, D.C.},
 pages = {79--84},
 numpages = {6},
 url = {http://doi.acm.org/10.1145/1513895.1513905},
 doi = {10.1145/1513895.1513905},
 acmid = {1513905},
 publisher = {ACM},
 address = {New York, NY, USA},
 keywords = {CUDA, GPU, finite difference, parallel algorithms},
}

@article{KICA,
 author = {Bach, Francis R. and Jordan, Michael I.},
 title = {Kernel independent component analysis},
 journal = {J. Mach. Learn. Res.},
 issue_date = {3/1/2003},
 volume = {3},
 month = mar,
 year = {2003},
 issn = {1532-4435},
 pages = {1--48},
 numpages = {48},
 url = {http://dx.doi.org/10.1162/153244303768966085},
 doi = {10.1162/153244303768966085},
 acmid = {944920},
 publisher = {JMLR.org},
 keywords = {Stiefel manifold, blind source separation, canonical correlations, gram matrices, incomplete Cholesky decomposition, independent component analysis, integral equations, kernel methods, mutual information, semiparametric models},
}

@BOOK{Hast:Tibs:Frie:2001,
  AUTHOR = {Hastie, Trevor and Tibshirani, Robert and Friedman, J. H.},
  TITLE = {The elements of statistical learning: data mining, inference, and prediction: with 200 full-color illustrations},
  YEAR = {2001},
  PAGES = {533},
  PUBLISHER = {New York: Springer-Verlag}
}

@incollection{Sutton2005303,
title = "Classification and Regression Trees, Bagging, and Boosting",
editor = "C.R. Rao, E.J. Wegman and J.L. Solka",
booktitle = "Data Mining and Data Visualization",
publisher = "Elsevier",
year = "2005",
volume = "24",
pages = "303 - 329",
series = "Handbook of Statistics",
issn = "0169-7161",
doi = "10.1016/S0169-7161(04)24011-1",
url = "http://www.sciencedirect.com/science/article/pii/S0169716104240111",
author = "Clifton D. Sutton"
}

@misc{albanese12mlpy,
	author = {Davide Albanese and Roberto Visintainer and Stefano Merler and Samantha Riccadonna and Giuseppe Jurman and Cesare Furlanello},
	title = {mlpy: Machine Learning Python},
	journal = {},
	year = 2012,
	archiveprefix = "arXiv",
	eprint = "1202.6548",
	primaryclass = "cs"
}
@INPROCEEDINGS{shoaib10,
	author = {Shoaib Kamil and Cy Chan and Leonid Oliker and John Shalf and Samuel Williams},
	title = {An auto-tuning framework for parallel multicore stencil computations},
	booktitle = {In International Parallel and Distributed Processing Symposium (IPDPS},
	year = {2010}
}

@inproceedings{datta08,
	author = {Datta, Kaushik and Murphy, Mark and Volkov, Vasily and Williams, Samuel and Carter, Jonathan and Oliker, Leonid and Patterson, David and Shalf, John and Yelick, Katherine},
	title = {Stencil computation optimization and auto-tuning on state-of-the-art multicore architectures},
	booktitle = {Proceedings of the 2008 ACM/IEEE conference on Supercomputing},
	series = {SC '08},
	year = {2008},
	isbn = {978-1-4244-2835-9},
	location = {Austin, Texas},
	pages = {4:1--4:12},
	articleno = {4},
	numpages = {12},
	url = {http://dl.acm.org/citation.cfm?id=1413370.1413375},
	acmid = {1413375},
	publisher = {IEEE Press},
	address = {Piscataway, NJ, USA},
}

@INPROCEEDINGS{datta09,
	author = {Kaushik Datta and Samuel Williams and Vasily Volkov and Jonathan Carter and Leonid Oliker and John Shalf and Katherine Yelick},
	title = {Auto-tuning the 27-point stencil for multicore},
	booktitle = {In Proc. iWAPT2009: The Fourth International Workshop on Automatic Performance Tuning},
	year = {2009}
}

@inproceedings{zhang12,
 author = {Zhang, Yongpeng and Mueller, Frank},
 title = {Auto-generation and auto-tuning of 3D stencil codes on GPU clusters},
 booktitle = {Proceedings of the Tenth International Symposium on Code Generation and Optimization},
 series = {CGO '12},
 year = {2012},
 isbn = {978-1-4503-1206-6},
 location = {San Jose, California},
 pages = {155--164},
 numpages = {10},
 url = {http://doi.acm.org/10.1145/2259016.2259037},
 doi = {10.1145/2259016.2259037},
 acmid = {2259037},
 publisher = {ACM},
 address = {New York, NY, USA},
}
